<record xmlns="http://www.loc.gov/MARC21/slim">
   <leader>01417nam a2200349 i 4500</leader>
   <controlfield tag="001">6815105</controlfield>
   <controlfield tag="008">150303t20152015abcd    o    s000 0 eng d</controlfield>
   <datafield ind1=" " ind2=" " tag="020">
      <subfield code="a">9781460121252 (PDF)</subfield>
   </datafield>
   <datafield ind1=" " ind2=" " tag="020">
      <subfield code="z">9781460121245 (Print)</subfield>
   </datafield>
   <datafield ind1=" " ind2=" " tag="040">
      <subfield code="a">AEE</subfield>
      <subfield code="b">eng</subfield>
      <subfield code="e">rda</subfield>
   </datafield>
   <datafield ind1=" " ind2="4" tag="055">
      <subfield code="a">JS1721.A4</subfield>
      <subfield code="b">C6494 2015eb</subfield>
   </datafield>
   <datafield ind1=" " ind2=" " tag="090">
      <subfield code="a">Internet Access</subfield>
      <subfield code="b">AEE</subfield>
   </datafield>
   <datafield ind1="0" ind2="0" tag="245">
      <subfield code="a">Village of Clyde viability review :</subfield>
      <subfield code="b">what we heard and viability determination report.</subfield>
   </datafield>
   <datafield ind1=" " ind2="1" tag="264">
      <subfield code="a">[Edmonton] :</subfield>
      <subfield code="b">Alberta Municipal Affairs,</subfield>
      <subfield code="c">[2015]</subfield>
   </datafield>
   <datafield ind1=" " ind2="4" tag="264">
      <subfield code="c">©2015</subfield>
   </datafield>
   <datafield ind1=" " ind2=" " tag="300">
      <subfield code="a">1 online resource (20 pages) :</subfield>
      <subfield code="b">charts</subfield>
   </datafield>
   <datafield ind1=" " ind2=" " tag="336">
      <subfield code="a">text</subfield>
      <subfield code="2">rdacontent</subfield>
   </datafield>
   <datafield ind1=" " ind2=" " tag="337">
      <subfield code="a">computer</subfield>
      <subfield code="2">rdamedia</subfield>
   </datafield>
   <datafield ind1=" " ind2=" " tag="338">
      <subfield code="a">online resource</subfield>
      <subfield code="2">rdacarrier</subfield>
   </datafield>
   <datafield ind1=" " ind2=" " tag="500">
      <subfield code="a">"January 2015"--cover.</subfield>
   </datafield>
   <datafield ind1=" " ind2=" " tag="530">
      <subfield code="a">Also available in print.</subfield>
   </datafield>
   <datafield ind1=" " ind2=" " tag="538">
      <subfield code="a">Mode of access: Internet.</subfield>
   </datafield>
   <datafield ind1=" " ind2=" " tag="538">
      <subfield code="a">System requirements: Adobe Acrobat Reader.</subfield>
   </datafield>
   <datafield ind1=" " ind2=" " tag="588">
      <subfield code="a">Description based on online resource; title from PDF cover page (viewed on March 3, 2015).</subfield>
   </datafield>
   <datafield ind1=" " ind2=" " tag="596">
      <subfield code="a">13</subfield>
   </datafield>
   <datafield ind1=" " ind2="0" tag="650">
      <subfield code="a">Feasibility studies</subfield>
      <subfield code="z">Alberta</subfield>
      <subfield code="z">Clyde.</subfield>
   </datafield>
   <datafield ind1=" " ind2="0" tag="650">
      <subfield code="a">Municipal government</subfield>
      <subfield code="z">Alberta</subfield>
      <subfield code="z">Clyde.</subfield>
   </datafield>
   <datafield ind1=" " ind2="0" tag="650">
      <subfield code="a">Villages</subfield>
      <subfield code="z">Alberta</subfield>
      <subfield code="z">Clyde.</subfield>
   </datafield>
   <datafield ind1=" " ind2="0" tag="651">
      <subfield code="a">Clyde (Alta.)</subfield>
   </datafield>
   <datafield ind1="1" ind2=" " tag="710">
      <subfield code="a">Alberta.</subfield>
      <subfield code="b">Alberta Municipal Affairs.</subfield>
   </datafield>
   <datafield ind1="4" ind2="1" tag="856">
      <subfield code="3">Free Access</subfield>
      <subfield code="u">http://www.municipalaffairs.gov.ab.ca/documents/LGS/C10_What_We_Heard_and_Viability_Determination_Report.pdf</subfield>
   </datafield>
   <datafield ind1=" " ind2=" " tag="926">
      <subfield code="a">Internet Access</subfield>
      <subfield code="w">LC</subfield>
      <subfield code="c">1</subfield>
      <subfield code="i">6815105-1001</subfield>
      <subfield code="l">INTERNET</subfield>
      <subfield code="m">NEOS_FREE</subfield>
      <subfield code="r">Y</subfield>
      <subfield code="s">Y</subfield>
      <subfield code="t">E-RESOURCE</subfield>
      <subfield code="u">3/3/2015</subfield>
   </datafield>
</record>
